@Misc{UMOmniORB,
  author       = {OMNIORB},
  howpublished = {\url{http://www.uk.research.att.com/omniORB/}}
}
@Misc{UMDIET,
  author       = {Rapha\"el Bolze and Yves Caniou and Eddy Caron and
  Pushpinder Kaur Chouhan and Philippe Combes and Sylvain Dahan and 
  Holly Dail and Bruno Delfabro and Georg Hoesch and Mathieu Jan and Jean-Yves
  L'Excellent and Christophe Pera and Cyrille Pontvieux and Alan Su and 
  C\'edric Tedeschi and Antoine Vernois},
  howpublished = {\url{http://graal.ens-lyon.fr/DIET/biblio/DIET_UsersManual-2.0.ps.gz}}
}
    
    
